<?xml version="1.0" encoding="UTF-8"?><collection xmlns="http://www.loc.gov/MARC21/slim"><record><leader>00381nam--2200133-i-4500</leader><controlfield tag="001">000042608</controlfield><controlfield tag="002">20161230</controlfield><controlfield tag="005">20161230201043</controlfield><controlfield tag="008">060222s1000------------r-----000-0-eng-d</controlfield><datafield ind1=" " ind2=" " tag="080"><subfield code="a">621.385.832</subfield></datafield><datafield ind1=" " ind2=" " tag="100"><subfield code="a">Stannard,Carl R. And Marsh,Bruce B</subfield></datafield><datafield ind1=" " ind2=" " tag="245"><subfield code="a">Cathode ray tube. a module on electric field and forces</subfield></datafield><datafield ind1=" " ind2=" " tag="260"><subfield code="a">New York,Mcgraw-hill Book Comp.,1975. 32 P</subfield></datafield><datafield ind1=" " ind2=" " tag="852"><subfield code="a">78416</subfield></datafield></record></collection>